<?xml version="1.0" encoding="UTF-8"?><collection xmlns="http://www.loc.gov/MARC21/slim"><record><leader>00340nam--2200133-i-4500</leader><controlfield tag="001">000032157</controlfield><controlfield tag="002">20161230</controlfield><controlfield tag="005">20161230201039</controlfield><controlfield tag="008">060222s1000------------r-----000-0-eng-d</controlfield><datafield ind1=" " ind2=" " tag="080"><subfield code="a">546.3/7:66(075.8)</subfield></datafield><datafield ind1=" " ind2=" " tag="100"><subfield code="a">Marcu Gheorghe</subfield></datafield><datafield ind1=" " ind2=" " tag="245"><subfield code="a">Chimia metalelor</subfield></datafield><datafield ind1=" " ind2=" " tag="260"><subfield code="a">Bucuresti, Editura Didactica Si Pedagogica, 1979, 649p</subfield></datafield><datafield ind1=" " ind2=" " tag="852"><subfield code="a">46205</subfield></datafield></record></collection>